@book{lamport1994latex,
  title={LATEX: a document preparation system: user's guide and reference manual},
  author={Lamport, Leslie},
  year={1994},
  publisher={Addison-wesley}
}

@article{pritchard1969statistical,
  title={Statistical bibliography or bibliometrics},
  author={Pritchard, Alan and others},
  journal={Journal of documentation},
  volume={25},
  number={4},
  pages={348--349},
  year={1969},
  publisher={New York}
}

@article{蔡义江2007红楼梦,
  title={《 红楼梦》 诗词曲赋鉴赏},
  author={蔡义江},
  journal={中华活页文选 (教师)},
  number={1},
  pages={4--10},
  year={2007}
}